@inproceedings{pearce:ics12,
	Address = {Venice, Italy},
	Author = {Olga Pearce and Todd Gamblin and Bronis R. de Supinski and Martin Schulz and Nancy M. Amato},
	Booktitle = {International Conference on Supercomputing (ICS'12)},
	Month = {June 25-29},
	Title = {{Quantifying the Effectiveness of Load Balance Algorithms}},
	Year = {2012},
	Note = {LLNL-CONF-523343. (22\%)},
	}

@inproceedings{tanase:ppopp11,
  	author    = {Gabriel Tanase and Antal A. Buss and Adam Fidel and Harshvardhan and Ioannis Papadopoulos and
        	       Olga Pearce and Timmie G. Smith and Nathan Thomas and Xiabing Xu and Nedal Mourad and
               		Jeremy Vu and Mauro Bianco and Nancy M. Amato and Lawrence Rauchwerger},
	title     = {The {STAPL} parallel container framework},
  	booktitle = {ACM SIGPLAN Symposium on Principles and Practice of Parallel Programming (PPOPP)},
  	year      = {2011},
  	pages     = {235-246},
	Note = {(16\%)}
	}

@inproceedings{buss:systor10,
  	author    = {Antal A. Buss and Harshvardhan and Ioannis Papadopoulos and Olga Pearce and Timmie G. Smith and
        	       Gabriel Tanase and Nathan Thomas and Xiabing Xu and Mauro Bianco and Nancy M. Amato and Lawrence Rauchwerger},
  	title     = {{STAPL: Standard Template Adaptive Parallel Library}},
  	booktitle = {3rd Annual Haifa Experimental Systems Conference (SYSTOR)},
  	year      = {2010}
 	}
 
@inproceedings{tanase:lcpc09,
  	author    = {Gabriel Tanase and Xiabing Xu and Antal A. Buss and Harshvardhan and Ioannis Papadopoulos and
       		        Olga Pearce and Timmie G. Smith and Nathan Thomas and Mauro Bianco and Nancy M. Amato and Lawrence Rauchwerger},
  	title     = {{The STAPL pList}},
  	booktitle = {22nd International Workshop on Languages and Compilers for Parallel Computing (LCPC)},
  	year      = {2009},
  	pages     = {16-30}
	}

@inproceedings{thomas:ppopp05,
  	author    = {Nathan Thomas and Gabriel Tanase and \textbf{{\color{mylinkcolor}Olga Tkachyshyn}} and Jack Perdue and Nancy M. Amato and Lawrence Rauchwerger},
  	title     = {A framework for adaptive algorithm selection in {STAPL}},
  	booktitle = {ACM SIGPLAN Principles and Practice of Parallel Programming (PPoPP)},
  	year      = {2005},
  	pages     = {277-288},
	Note = {(31\%)}
  	} 