@techreport{tichonova+:tr05,
	Author = {Anna Tikhonova and Gabriel Tanase and \textbf{{\color{mylinkcolor}Olga Tkachyshyn}} and Nancy M.~Amato and Lawrence Rauchwerger},
	Institution = {Parasol Lab, Department of Computer Science, Texas A\&M University},
	Number = {TR05-005},
	Title = {Parallel Algorithms in {STAPL}: Sorting and the Selection Problem},
	Month = {August},
	Year = {2005},
	}
	
@inproceedings{liu+:FECS05,
  	author    = {Jie Liu and \textbf{{\color{mylinkcolor}Olga Tkachyshyn}} and Cory Kissinger and Brian McGee},
  	title     = {Teaching Parallel Programming and Building Parallel Computers},
  	booktitle = {International Conference on Frontiers in Education: Computer Science and Computer Engineering},
  	month   = {June},
  	year      = {2005},
  	pages     = {149-155},
	}

@techreport{tkachyshyn+:tr03,
	Author = {\textbf{{\color{mylinkcolor}Olga Tkachyshyn}} and Ping An and Gabriel Tanase and Nancy M. ~Amato},
	Institution = {Parasol Lab, Department of Computer Science, Texas A\&M University},
	Number = {TR03-003},
	Title = {{pArray} as an efficient static parallel container in {STAPL}},
	Month = {August},
	Year = {2003},
	}