@inproceedings{pearce:vpa18,
    Author = {Alexandre Bergel and Abhinav Bhatele and David Boehme and Patrick Gralka and Kevin Griffin
              and Marc-Andre Hermanns and Dusan Okanovic and Olga Pearce and Tom Vierjahn},
    Booktitle = {{Workshop on Visual Performance Analysis (VPA 18) at SC18}},
    Note = {LLNL-CONF-756548},
    Title = {{Visual Analytics Challenges in Analyzing Calling Context Trees}},
    Month = {November},
    Year = {2018},
    }

@inproceedings{pearce:p2s218,
    Author = {Olga Pearce},
    Institution = {Lawrence Livermore National Laboratory},
    Booktitle = {{Workshop on Parallel Programming Models and Systems Software for High-End Computing (P2S2 2018) at the International Conference on Parallel Processing (ICPP 2018) conference}},
    Note = {LLNL-CONF-738086},
    Title = {{Experiences Using CPUs and GPUs for Cooperative Computation in a Multi-Physics Simulation}},
    Month = {August},
    Year = {2018},
    }

@inproceedings{pearce:fgcs18,
    Author = {Olga Pearce and Hadia Ahmed and Rasmus W. Larsen and Peter Pirkelbauer and David F. Richards},
    Booktitle = {Future Generation Computer Systems},
    Title = {{Exploring Dynamic Load Imbalance Solutions with the CoMD Proxy Application}},
    Year = {2018},
    Note = {LLNL-JRNL-725317.},
    }

@inproceedings{beckingsale:ipdps17,
	Author = {David Beckingsale and Olga Pearce and Ignacio Laguna and Todd Gamblin},
	Booktitle = {IEEE International Parallel \& Distributed Processing Symposium  (IPDPS'17)},
	Month = {May 29 - June 2,},
	Title = {{Apollo: Reusable Models for Fast, Dynamic Tuning of Data-Dependent Code}},
	Year = {2017},
	Address = {Orlando, Florida, USA},
	}
%	Note = {LLNL-CONF-699263. (18\%)},

@inproceedings{boehme:sc16,
	Author = {David Boehme and Todd Gamblin and David Beckingsale and Peer-Timo Bremer and Alfredo Gim√©nez and Matthew LeGendre and Olga Pearce and Martin Schulz},
	Booktitle = {ACM/IEEE International Conference for High Performance Computing, Networking, Storage, and Analysis (SC'16)},
	Month = {November 13-18,},
	Title = {{Caliper: Performance Introspection for HPC Software Stacks}},
	Year = {2016},
	Address = {Salt Lake City, Utah, USA},
	Note = {LLNL-CONF-699263. (18\%)},
	}

@inproceedings{pearce:sc16pmbs,
	Author = {Olga Pearce and Hadia Ahmed and Rasmus W. Larsen and David F. Richards},
	Booktitle = {Performance Modeling, Benchmarking and Simulation of High Performance Computer Systems (PMBS'16)
             held as part of ACM/IEEE International Conference for High Performance Computing, Networking, Storage, and Analysis (SC'16)},
	Month = {November 13,},
	Title = {{Enabling Work Migration in CoMD to Study Dynamic Load Imbalance Solutions}},
	Year = {2016},
	Address = {Salt Lake City, Utah, USA},
	Note = {LLNL-CONF-704368. (22\%)},
	}

@inproceedings{pearce:ipdps16,
	Author = {Olga Pearce and Todd Gamblin and Bronis R. de Supinski and Martin Schulz and Nancy M. Amato},
	Booktitle = {IEEE International Parallel \& Distributed Processing Symposium (IPDPS'16)},
	Month = {May 23-27,},
	Title = {{MPMD Framework for Offloading Load Balance Computation}},
	Year = {2016},
	Address = {Chicago, Illinois, USA},
	Note = {LLNL-CONF-678165. (23\%)},
	}

@inproceedings{pearce:ics14,
	Author = {Olga Pearce and Todd Gamblin and Bronis R. de Supinski and Tom Arsenlis and Nancy M. Amato},
	Booktitle = {International Conference on Supercomputing (ICS'14)},
	Month = {June 10-13,},
	Title = {{Load Balancing N-Body Simulations with Highly Non-Uniform Density}},
	Year = {2014},
	Address = {Munich, Germany},
	Note = {LLNL-CONF-648577. (21\%)},
	}

@inproceedings{pearce:ics12,
	Author = {Olga Pearce and Todd Gamblin and Bronis R. de Supinski and Martin Schulz and Nancy M. Amato},
	Booktitle = {International Conference on Supercomputing (ICS'12)},
	Month = {June 25-29,},
	Title = {{Quantifying the Effectiveness of Load Balance Algorithms}},
	Year = {2012},
	Address = {Venice, Italy},
	Note = {LLNL-CONF-523343. (22\%)},
	}

@inproceedings{tanase:ppopp11,
  	author    = {Gabriel Tanase and Antal A. Buss and Adam Fidel and Harshvardhan and Ioannis Papadopoulos and
        	       Olga Pearce and Timmie G. Smith and Nathan Thomas and Xiabing Xu and Nedal Mourad and
               		Jeremy Vu and Mauro Bianco and Nancy M. Amato and Lawrence Rauchwerger},
	title     = {{The STAPL Parallel Container Framework}},
  	booktitle = {ACM SIGPLAN Symposium on Principles and Practice of Parallel Programming (PPoPP)},
  	year      = {2011},
  	pages     = {235-246},
	Note = {(16\%)}
	}

@inproceedings{buss:systor10,
  	author    = {Antal A. Buss and Harshvardhan and Ioannis Papadopoulos and Olga Pearce and Timmie G. Smith and
        	       Gabriel Tanase and Nathan Thomas and Xiabing Xu and Mauro Bianco and Nancy M. Amato and Lawrence Rauchwerger},
  	title     = {{STAPL: Standard Template Adaptive Parallel Library}},
  	booktitle = {3rd Annual Haifa Experimental Systems Conference (SYSTOR)},
  	year      = {2010}
 	}

@inproceedings{tanase:lcpc09,
  	author    = {Gabriel Tanase and Xiabing Xu and Antal A. Buss and Harshvardhan and Ioannis Papadopoulos and
       		        Olga Pearce and Timmie G. Smith and Nathan Thomas and Mauro Bianco and Nancy M. Amato and Lawrence Rauchwerger},
  	title     = {{The STAPL pList}},
  	booktitle = {22nd International Workshop on Languages and Compilers for Parallel Computing (LCPC)},
  	year      = {2009},
  	pages     = {16-30}
	}

@inproceedings{thomas:ppopp05,
  	author    = {Nathan Thomas and Gabriel Tanase and \textbf{{\color{mylinkcolor}Olga Tkachyshyn}} and Jack Perdue and Nancy M. Amato and Lawrence Rauchwerger},
  	title     = {{A Framework for Adaptive Algorithm Selection in STAPL}},
  	booktitle = {ACM SIGPLAN Principles and Practice of Parallel Programming (PPoPP)},
  	year      = {2005},
  	pages     = {277-288},
	Note = {(31\%)}
  	}
