@phdthesis{PearcePhD,
	Address = {College Station, TX},
	Author = {Olga Pearce},
	Month = {December},
	Note = {LLNL-TH-663256},
	School = {Texas A\&M University},
	Title = {Load Balancing Scientific Applications},
	Year = {2014},
}
%	Url = {http://www.cs.unc.edu/~tgamblin/pubs/dissertation.pdf},
%	Bdsk-Url-1 = {http://www.cs.unc.edu/~tgamblin/pubs/dissertation.pdf}}
%	Date-Added = {2007-06-01 09:38:30 -0400},
%	Date-Modified = {2010-11-25 12:34:41 -0500},
