@inproceedings{pearce:sc20-poster,
    Author = {Suraj P. Kesavan and Harsh Bhatia and Abhinav Bhatele and Stephanie Brink and Olga Pearce and Todd Gamblin and Peer-Timo Bremer and Kwan-Liu Ma},
    Title = {{Scalable Comparative Visualization of Ensembles of Call Graphs using CallFlow}},
    Booktitle = {{SC'20}},
    Month = {November},
    Year = {2020},
    Note = {LLNL-POST-813361},
    }

@inproceedings{pearce:hatchet-tutorial-wsc,
    Author = {Stephanie Brink and Olga Pearce},
    Title = {{Tutorial: Performance Analysis with Hatchet}},
    Address = {Lawrence Livermore National Laboratory},
    Month = {August},
    Year = {2020},
    Note = {LLNL-PRES-813307},
    }

@inproceedings{pearce:summitApr20,
    Author = {Olga Pearce},
    Booktitle = {{Summit on Summit and Sierra}},
    Month = {April 15,},
    Title = {{Updates on Halo Exchange on Sierra}},
    Year = {2020},
    Address = {NVIDIA},
    Note = {LLNL-PRES-808639},
    }

@inproceedings{pearce:Coral2Mar20,
    Author = {Olga Pearce},
    Booktitle = {{CORAL 2 Quarterly Meeting}},
    Month = {March 25,},
    Title = {{Application teams feedback on performance tools}},
    Year = {2020},
    Note = {LLNL-PRES-807675},
    }

@inproceedings{pearce:jowog20,
	Author = {Stephanie Brink and Abhinav Bhatele and Todd Gamblin and Olga Pearce},
	Booktitle = {{JOWOG 34 Applied Computer Science}},
	Month = {February 24-27,},
	Title = {{Hatchet: Prunning the Overgrowth in Parallel Profiles}},
	Year = {2020},
	Address = {Lawrence Livermore National Laboratory},
	}

@inproceedings{pearce:summitDec19,
    Author = {Olga Pearce},
    Booktitle = {{Summit on Summit and Sierra}},
    Month = {December 9,},
    Title = {{Comb: Buffer Packing and Halo Exchange on Sierra}},
    Year = {2019},
    Address = {NVIDIA},
    Note = {LLNL-PRES-798671},
    }

@inproceedings{pearce:summitAug19,
    Author = {Olga Pearce},
    Booktitle = {{Summit on Summit and Sierra}},
    Month = {August 12,},
    Title = {{Comb: Halo Exchange on Sierra}},
    Year = {2019},
    Address = {NVIDIA},
    Note = {LLNL-PRES-795917},
    }

@inproceedings{pearce:salishan19,
	Author = {Olga Pearce},
	Booktitle = {{Salishan Conference on High Speed Computing}},
	Month = {April 22-25,},
	Title = {{Experiences putting Tools into Production Codes}},
	Year = {2019},
	Note = {LLNL-PRES-766343},
	}

@inproceedings{pearce:gtc19,
	Author = {Olga Pearce},
	Booktitle = {{GPU Technology Conference (GTC)}},
	Month = {March 18-21,},
	Title = {{LLNL Sierra: The Software Stack Propelling Simulations to Exascale}},
	Year = {2019},
    Address = {San Jose, CA, USA},
	}
%	Note = {LLNL-PRES-766343},

@inproceedings{pearce:jowog19,
	Author = {David Eberius and Kewen Meng and Olga Pearce},
	Booktitle = {{JOWOG 34 Applied Computer Science}},
	Month = {January 28-21,},
	Title = {{Improving GPU Utilization through Kernel Execution Overlap}},
	Year = {2019},
	Address = {Los Alamos National Laboratory},
	Note = {LLNL-POST-755394},
	}

@inproceedings{pearce:cascWIP19,
	Author = {Olga Pearce},
	Booktitle = {{CASC WIP series}},
	Month = {January,},
	Title = {{Experiences putting Tools into Production Codes}},
	Year = {2019},
	Address = {Lawrence Livermore National Laboratory},
	Note = {LLNL-PRES-766343},
	}

@inproceedings{pearce:ERC18,
    Author = {Olga Pearce},
    Booktitle = {{Computation External Review Committee}},
    Month = {August 28-30,},
    Title = {{Exploring different modes of utilizing Sierra for multiphysics codes}},
    Year = {2018},
    Address = {Lawrence Livermore National Laboratory},
    Note = {LLNL-PRES-756603},
    }

@inproceedings{pearce:dagstuhl18,
    Author = {Olga Pearce},
    Booktitle = {{Visualizing Systems and Software Performance (VSSP)
                  GI-Dagstuhl seminar for young researchers}},
    Month = {July 9-13,},
    Title = {{Understanding performance of simulations on heterogeneous supercomputers}},
    Year = {2018},
    Address = {Dagstuhl, Germany},
    Note = {LLNL-PRES-753268},
    }

@inproceedings{pearce:gtc18,
	Author = {Olga Pearce},
	Booktitle = {{GPU Technology Conference (GTC), Featured Speaker}},
	Month = {March 26-29,},
	Title = {{Acceleration of HPC applications on hybrid CPU-GPU systems:
              When can Multi-Process Service (MPS) help?}},
	Year = {2018},
	Address = {San Jose, CA, USA},
	Note = {LLNL-PRES-746880},
	}

@inproceedings{pearce:jowog18,
	Author = {Olga Pearce},
	Booktitle = {{JOWOG 34 Applied Computer Science}},
	Month = {February 12-16,},
	Title = {{Methodology for analyzing the performance of multiphysics codes on heterogeneous architectures}},
	Year = {2018},
	Address = {Sandia National Laboratories, Albuquerque, NM},
	Note = {LLNL-PRES-745558},
	}

@inproceedings{pearce:coepp17,
	Author = {Olga Pearce},
	Booktitle = {{DOE COE Performance Portability Meeting}},
	Month = {August 24,},
	Title = {{Experiences Utilizing CPUs and GPUs for Computation Simultaneously on a Heterogeneous Node}},
	Year = {2017},
	Address = {Denver, CO, USA},
	Note = {LLNL-PRES-737016},
	}

@inproceedings{pearce:jowog17,
	Author = {Olga Pearce and Hadia Ahmed and Rasmus W. Larsen and David F. Richards},
	Booktitle = {{JOWOG 34 Applied Computer Science}},
	Month = {February 10,},
	Title = {{Enabling Work Migration in CoMD to Study Dynamic Load Imbalance Solutions}},
	Year = {2017},
	Address = {Livermore, CA, USA},
	Note = {LLNL-PRES-708520},
	}

@inproceedings{beckingsale:sc16-poster,
    Author = {David Beckingsale and Olga Pearce and Todd Gamblin},
    Title = {{Lightweight, Reusable Models for Dynamically Tuning Data-Dependent Code}},
    Booktitle = {{SC'16}},
    Address = {Salt Lake City, UT},
    Month = {November},
    Year = {2016},
 }       %Note = {LLNL-POST-XXXXXX},

@inproceedings{trilabL2:15,
	Author = {Rich Hornung and Holger Jones and Jeff Keasler and Rob Neely
			and Olga Pearce and
			Si Hammond and Christian Trott and Paul Lin and Courtenay Vaughan and
			Jeanine Cook and Mahesh Rajan and Rob Hoekstra and
			Ben Bergen and Josh Payne and Geoff Womeldorff.
			},
	Institution = {Lawrence Livermore National Laboratory, Sandia National Laboratories, Los Alamos National Laboratory},
	Note = {LLNL-TR-677453},
	Title = {{ASC Tri-lab Co-design Level 2 Milestone Report}},
	Month = {September},
	Year = {2015},
	}

@inproceedings{boehme:sc15-poster,
    Author = {David Boehme and Todd Gamblin and Peer-Timo Bremer and Olga Pearce and Martin Schulz},
    Title = {{Caliper: Composite Performance Data Collection in HPC Codes}},
    Booktitle = {{SC'15}},
    Address = {Austin, TX},
    Month = {November},
    Year = {2015},
 }       %Note = {LLNL-POST-XXXXXX},

@inproceedings{pearce:gh15-poster,
    Author = {Olga Pearce and Todd Gamblin and Bronis R. de Supinski and Martin Schulz and Nancy M. Amato},
    Title = {{Improving Application Performance Through Affordable Load Balancing}},
    Booktitle = {{Grace Hopper Conference}},
    Address = {Houston, TX},
    Month = {October 14,},
    Year = {2015},
    Note = {LLNL-POST-667498},
    }

@inproceedings{pearce:erc15-poster,
    Author = {Olga Pearce and Todd Gamblin and Bronis R. de Supinski and Martin Schulz and Nancy M. Amato},
    Title = {{Improving Application Performance Through Affordable Load Balancing}},
    Booktitle = {{LLNL Computation Directorate External Review Committee Meeting}},
    Address = {Livermore, CA},
    Month = {March 10,},
    Year = {2015},
    Note = {LLNL-POST-667498},
    }

@inproceedings{pearce:ppopp15-abstract-poster,
    Author = {Olga Pearce and Todd Gamblin and Bronis R. de Supinski and Martin Schulz and Nancy M. Amato},
    Title = {{Decoupled Load Balancing}},
    Booktitle = {{Symposium on Principles and Practice of Parallel Programming (PPoPP)}},
    Address = {San Francisco, CA},
    Month = {February 8,},
    Year = {2015},
    Note = {LLNL-CONF-665393, LLNL-POST-666820},
    }

@inproceedings{pearce:jowog34-2015,
	Author = {Olga Pearce and Todd Gamblin and Bronis R. de Supinski and Tom Arsenlis and Nancy M. Amato},
	Title = {{Load Balancing N-Body Simulations with Highly Non-Uniform Density}},
	Booktitle = {{JOWOG 34 Applied Computer Science}},
	Address = {Albuquerque, NM},
	Month = {February 4,},
	Year = {2015},
	Note = {LLNL-PRES-666427},
	}

%http://sc14.supercomputing.org/sites/all/themes/sc14/files/archive/doctoral_showcase/doc_showcase_pages/drs112.html
@inproceedings{pearce:sc-doctoral-symposium14-abstract-poster,
    Author = {Olga Pearce},
    Title = {{Load Balancing Scientific Applications}},
    Booktitle = {{SC'14 Doctoral Showcase}},
    Address = {New Orleans, LA},
    Month = {November 20,},
    Year = {2014},
    Note = {LLNL-MI-657788, LLNL-PRES-664457. (36\%)},
    }

@inproceedings{pearce:llnl-poster-symposium14,
	Author = {Olga Pearce and Todd Gamblin and Bronis R. de Supinski and Tom Arsenlis and Nancy M. Amato},
	Title = {{Load Balancing N-Body Simulations with Highly Non-Uniform Density}},
	Booktitle = {{Postdoc Poster Symposium}},
	Address = {Livermore, CA},
	Month = {July 9,},
	Year = {2014},
	Note = {LLNL-POST-653183},
	}

@inproceedings{pearce:ics14parasol,
	Author = {Olga Pearce and Todd Gamblin and Bronis R. de Supinski and Tom Arsenlis and Nancy M. Amato},
	Title = {{Load Balancing N-Body Simulations with Highly Non-Uniform Density}},
	Booktitle = {{Parasol Seminar}},
	Address = {College Station, TX},
	Month = {June 20,},
	Year = {2014},
	Note = {LLNL-PRES-654858},
	}

@inproceedings{pearce:salishan14,
	Author = {Olga Pearce and Todd Gamblin and Bronis R. de Supinski and Tom Arsenlis and Nancy M. Amato},
	Title = {{Load Balancing N-Body Simulations with Highly Non-Uniform Density}},
	Booktitle = {{Salishan Conference on High Speed Computing}},
	Address = {Gleneden Beach, Oregon},
	Month = {April 23,},
	Year = {2014},
	Note = {LLNL-POST-653183},
	}

@inproceedings{pearce:llnl-poster-symposium13,
	Author = {Olga Pearce and Todd Gamblin and Bronis R. de Supinski and Martin Schulz and Nancy M. Amato},
	Title = {{Interaction-Based Load Balancing in N-Body Simulations}},
	Booktitle = {{Postdoc Poster Symposium}},
	Address = {Livermore, CA},
	Month = {June 20,},
	Year = {2013},
	Note = {LLNL-POST-639346},
	}

@inproceedings{pearce:et-hpc-sd13,
	Author = {Olga Pearce and Todd Gamblin and Bronis R. de Supinski and Martin Schulz and Nancy M. Amato},
	Title = {{Interaction-Based Load Balancing in N-Body Simulations}},
	Booktitle = {{Emerging Technologies in HPC Software Development}},
	Address = {Livermore, CA},
	Month = {June 12,},
	Year = {2013},
	Note = {LLNL-PRES-638872},
	}

@inproceedings{pearce:salishan12,
	Author = {Olga Pearce and Todd Gamblin and Bronis R. de Supinski and Martin Schulz and Nancy M. Amato},
	Title = {{Quantifying the Effectiveness of Load Balance Algorithms}},
	Booktitle = {{Salishan Conference on High Speed Computing}},
	Address = {Gleneden Beach, Oregon},
	Month = {April 25,},
	Year = {2012},
	Note = {LLNL-POST-548645},
	}

@inproceedings{pearce:parasol12,
	Author = {Olga Pearce and Todd Gamblin and Bronis R. de Supinski and Martin Schulz and Nancy M. Amato},
	Title = {{Quantifying the Effectiveness of Load Balance Algorithms}},
	Booktitle = {{Parasol Seminar}},
	Address = {Texas A\&M University, College Station, TX},
	Month = {February 10,},
	Year = {2012},
	Note = {LLNL-PRES-527851},
	}

@inproceedings{pearce:sssp11,
	Author = {Olga Pearce and Todd Gamblin and Bronis R. de Supinski and Martin Schulz and Nancy M. Amato},
	Title = {{A Topology-aware Application-independent Load Model for Parallel Codes}},
	Booktitle = {{Stockpile Stewardship Support Project Workshop (SSSP)}},
	Address = {Texas A\&M University, College Station, TX},
	Month = {November 10,},
	Year = {2011},
	Note = {LLNL-POST-507591},
	}

@inproceedings{pearce:lsp11,
	Author = {Olga Pearce and Todd Gamblin and Bronis R. de Supinski and Martin Schulz and Nancy M. Amato},
	Title = {{A Topology-aware Application-independent Load Model for Parallel Codes}},
	Booktitle = {{LLNL Lawrence Scholar Poster Session (LSP)}},
	Address = {Livermore, CA},
	Month = {October 25,},
	Year = {2011},
	Note = {LLNL-POST-507591},
	}

@inproceedings{pearce:sc10,
	Author = {Olga Pearce and Todd Gamblin and Bronis R. de Supinski and Martin Schulz and Nancy M. Amato},
	Title = {{Load Balance: Correlating Application-Independent Measurements with Application-Semantic Computational Models}},
	Booktitle = {{Supercomputing 2010 (SC'10)}},
	Address = {New Orleans, LA},
	Month = {November 16,},
	Year = {2010},
	Note = {LLNL-POST-461997},
	}

@inproceedings{pearce:besc10,
	Author = {Olga Pearce and Todd Gamblin and Bronis R. de Supinski and Martin Schulz and Nancy M. Amato},
	Title = {{Modeling Load in Parallel Codes}},
	Booktitle = {{Broader Engagement, Supercomputing 2010 (SC'10)}},
	Address = {New Orleans, LA},
	Month = {November 13,},
	Year = {2010},
	Note = {LLNL-PRES-462101},
	}

@inproceedings{pearce:cpps10,
	Author = {Olga Pearce and Todd Gamblin and Bronis R. de Supinski and Martin Schulz and Nancy M. Amato},
	Title = {{Load Balancing Petascale Applications}},
	Booktitle = {{LLNL Computation Postdoctoral Poster Session}},
	Address = {Livermore, CA},
	Month = {June 29,},
	Year = {2010},
	Note = {LLNL-POST-432915},
	}
