@inproceedings{pearce:eScience22,
    Author = {Ian Lumsden* and Jakob Luettgau and Vanessa Lama* and Connor Scully-Allison* and Stephanie Brink and Katherine E. Isaacs and Olga Pearce and Michela Taufer},
    Title = {{Enabling Call Path Querying in Hatchet to Identify Performance Bottlenecks in Scientific Applications}},
    Booktitle = {{IEEE eScience}},
    Month = {October},
    Year = {2022},
    Note = {LLNL-CONF-83569.},
    }

@inproceedings{pearce:N210808,
    Author = {H. Abu-Shawareb et al. (Indirect Drive ICF Collaboration)},
    Title = {{Lawson's criteria for ignition exceeded in an inertial fusion experiment}},
    Booktitle = {{Physical Review Letters 129, 075001}},
    Month = {8 August},
    Year = {2022},
    Note = {(N210808).},
    }

@inproceedings{pearce:tvcg21,
    Author = {Suraj P. Kesavan* and Harsh Bhatia and Abhinav Bhatele and Stephanie Brink and Olga Pearce and Todd Gamblin and Peer-Timo Bremer and Kwan-Liu Ma},
    Title = {{Scalable Comparative Visualization of Ensembles of Call Graphs using CallFlow}},
    Booktitle = {{IEEE Transactions on Visualization and Computer Graphics (TVCG)}},
    Month = {November},
    Year = {2021},
    }

@inproceedings{pearce:isc21,
    Author = {David Boehme and Pascal Aschwanden and Olga Pearce and Kenneth Weiss and Matthew LeGendre},
    Booktitle = {International Supercomputing Conference (ISC'21)},
    Title = {{Ubiquitous Performance Analysis}},
    Month = {June},
    Year = {2021},
    }

@inproceedings{pearce:parco20,
    Author = {Bengisu Elis* and Dai Yang and Olga Pearce and Kathryn Mohror and Martin Schulz},
    Booktitle = {Journal of Parallel Computing},
    Title = {{QMPI: A Next Generation MPI Profiling Interface for Modern HPC Platforms}},
    Year = {2020},
    Note = {LLNL-JRNL-787898.},
    }

@inproceedings{pearce:sc19,
    Author = {Christopher Zimmer and Scott Atchley and Ramesh Pankajakshan and Brian E. Smith and Ian Karlin and Matt Leininger and Adam Bertsch and Brian S. Ryujin and Jason Burmark and André Walker-Loud and M. A. Clark and Olga Pearce},
    Booktitle = {ACM/IEEE International Conference for High Performance Computing, Networking, Storage, and Analysis (SC'19)},
    Title = {{An Evaluation of the CORAL Interconnects}},
    Year = {2019},
    Note = {LLNL-CONF-772398.},
    }

@inproceedings{pearce:fgcs18,
    Author = {Olga Pearce and Hadia Ahmed* and Rasmus W. Larsen* and Peter Pirkelbauer and David F. Richards},
    Booktitle = {Future Generation Computer Systems (FGCS)},
    Title = {{Exploring Dynamic Load Imbalance Solutions with the CoMD Proxy Application}},
    Year = {2018},
    Note = {LLNL-JRNL-725317.},
    }

@inproceedings{beckingsale:ipdps17,
	Author = {David Beckingsale and Olga Pearce and Ignacio Laguna and Todd Gamblin},
	Booktitle = {IEEE International Parallel \& Distributed Processing Symposium  (IPDPS'17)},
	Month = {May 29 - June 2,},
	Title = {{Apollo: Reusable Models for Fast, Dynamic Tuning of Data-Dependent Code}},
	Year = {2017},
	Address = {Orlando, Florida, USA},
	}
%	Note = {LLNL-CONF-699263. (18\%)},

@inproceedings{boehme:sc16,
	Author = {David Boehme and Todd Gamblin and David Beckingsale and Peer-Timo Bremer and Alfredo Giménez and Matthew LeGendre and Olga Pearce and Martin Schulz},
	Booktitle = {ACM/IEEE International Conference for High Performance Computing, Networking, Storage, and Analysis (SC'16)},
	Month = {November 13-18,},
	Title = {{Caliper: Performance Introspection for HPC Software Stacks}},
	Year = {2016},
	Address = {Salt Lake City, Utah, USA},
	Note = {LLNL-CONF-699263. (18\%)},
	}

@inproceedings{pearce:ipdps16,
	Author = {Olga Pearce and Todd Gamblin and Bronis R. de Supinski and Martin Schulz and Nancy M. Amato},
	Booktitle = {IEEE International Parallel \& Distributed Processing Symposium (IPDPS'16)},
	Month = {May 23-27,},
	Title = {{MPMD Framework for Offloading Load Balance Computation}},
	Year = {2016},
	Address = {Chicago, Illinois, USA},
	Note = {LLNL-CONF-678165. (23\%)},
	}

@inproceedings{pearce:ics14,
	Author = {Olga Pearce and Todd Gamblin and Bronis R. de Supinski and Tom Arsenlis and Nancy M. Amato},
	Booktitle = {International Conference on Supercomputing (ICS'14)},
	Month = {June 10-13,},
	Title = {{Load Balancing N-Body Simulations with Highly Non-Uniform Density}},
	Year = {2014},
	Address = {Munich, Germany},
	Note = {LLNL-CONF-648577. (21\%)},
	}

@inproceedings{pearce:ics12,
	Author = {Olga Pearce and Todd Gamblin and Bronis R. de Supinski and Martin Schulz and Nancy M. Amato},
	Booktitle = {International Conference on Supercomputing (ICS'12)},
	Month = {June 25-29,},
	Title = {{Quantifying the Effectiveness of Load Balance Algorithms}},
	Year = {2012},
	Address = {Venice, Italy},
	Note = {LLNL-CONF-523343. (22\%)},
	}

@inproceedings{tanase:ppopp11,
  	author    = {Gabriel Tanase and Antal A. Buss and Adam Fidel and Harshvardhan* and Ioannis Papadopoulos and
        	       Olga Pearce and Timmie G. Smith and Nathan Thomas and Xiabing Xu and Nedal Mourad and
               		Jeremy Vu and Mauro Bianco and Nancy M. Amato and Lawrence Rauchwerger},
	title     = {{The STAPL Parallel Container Framework}},
  	booktitle = {ACM SIGPLAN Symposium on Principles and Practice of Parallel Programming (PPoPP)},
  	year      = {2011},
  	pages     = {235-246},
	Note = {(16\%)}
	}

@inproceedings{thomas:ppopp05,
  	author    = {Nathan Thomas and Gabriel Tanase and \textbf{{\color{mylinkcolor}Olga Tkachyshyn}} and Jack Perdue and Nancy M. Amato and Lawrence Rauchwerger},
  	title     = {{A Framework for Adaptive Algorithm Selection in STAPL}},
  	booktitle = {ACM SIGPLAN Principles and Practice of Parallel Programming (PPoPP)},
  	year      = {2005},
  	pages     = {277-288},
	Note = {(31\%)}
  	}
