@inproceedings{pearce:hatchet-tutorial-wsc,
    Author = {Stephanie Brink and Olga Pearce},
    Title = {{Tutorial: Performance Analysis with Hatchet}},
    Address = {Lawrence Livermore National Laboratory},
    Month = {August},
    Year = {2020},
    Note = {LLNL-PRES-813307},
    }
