@inproceedings{pearce:cascNewsletter20,
	Author = {Olga Pearce},
	Institution = {Lawrence Livermore National Laboratory},
	Booktitle = {{CASC Newsletter}},
	Title = {{Caliper, SPOT, and Hatchet: Enabling the Whys and the Wherefores of Personal Analysis}},
	Month = {June},
	Year = {2020},
	}

@inproceedings{pearce:necdc18,
	Author = {Olga Pearce},
	Institution = {Lawrence Livermore National Laboratory},
	Booktitle = {{Nuclear Explosives Code Development Conference (NECDC) and Journal of Weapons Physics (JWP)}},
	Note = {LLNL-PROC-765162},
	Title = {{What if Components of Your Multiphysics Simulation Need to Use Your Heterogeneous Machine Differently?}},
	Month = {January},
	Year = {2019},
	}

@inproceedings{pearce:necdc16,
	Author = {Olga Pearce},
	Institution = {Lawrence Livermore National Laboratory},
	Booktitle = {{Nuclear Explosives Code Development Conference (NECDC)}},
	Note = {LLNL-PROC-718463},
	Title = {{Impact of Mesh Decomposition on Performance of Teton}},
	Month = {January},
	Year = {2017},
	}

@inproceedings{pearce:siampp16,
	Author = {Richard Hornung and Olga Pearce and Adam Kunen and Jeff Keasler and Holger Jones and Rob Neely and Todd Gamblin},
	Institution = {{Society for Industrial and Applied Mathematics (SIAM)}},
	Booktitle = {{SIAM Conference on Parallel Processing for Scientific Computing (SIAM PP)}},
	Note = {LLNL-TR-677453},
	Title = {{Demonstrating Advances in Proxy Applications Through Performance Gains and/or Performance Portable Abstractions: CoMD and Kripke with RAJA}},
	Month = {March},
	Year = {2016},
	}

@techreport{overdecomposition_comd:15,
	Author = {Rasmus Wriedt Larsen and Olga Pearce},
	Institution = {Lawrence Livermore National Laboratory},
	Number = {LLNL-TR-678978},
	Title = {{Enabling Load Balancing in CoMD through Overdecomposition}},
	Month = {November},
	Year = {2015},
	}

@techreport{trilabL2:15,
	Author = {Rich Hornung and Holger Jones and Jeff Keasler and Rob Neely and Olga Pearce and
			Si Hammond and Christian Trott and Paul Lin and Courtenay Vaughan
			and Jeanine Cook and Mahesh Rajan and Rob Hoekstra
			and Ben Bergen and Josh Payne and Geoff Womeldorff
			},
	Institution = {Lawrence Livermore National Laboratory, Sandia National Laboratories, Los Alamos National Laboratory},
	Number = {LLNL-TR-677453},
	Title = {{ASC Tri-lab Co-design Level 2 Milestone Report}},
	Month = {September},
	Year = {2015},
	}

@techreport{tichonova+:tr05,
	Author = {Anna Tikhonova and Gabriel Tanase and \textbf{{\color{mylinkcolor}Olga Tkachyshyn}} and Nancy M.~Amato and Lawrence Rauchwerger},
	Institution = {Parasol Lab, Department of Computer Science, Texas A\&M University},
	Number = {TR05-005},
	Title = {Parallel Algorithms in {STAPL}: Sorting and the Selection Problem},
	Month = {August},
	Year = {2005},
	}

@inproceedings{liu+:FECS05,
  	author    = {Jie Liu and \textbf{{\color{mylinkcolor}Olga Tkachyshyn}} and Cory Kissinger and Brian McGee},
  	title     = {Teaching Parallel Programming and Building Parallel Computers},
  	booktitle = {International Conference on Frontiers in Education: Computer Science and Computer Engineering},
  	month   = {June},
  	year      = {2005},
  	pages     = {149-155},
	}

@techreport{tkachyshyn+:tr03,
	Author = {\textbf{{\color{mylinkcolor}Olga Tkachyshyn}} and Ping An and Gabriel Tanase and Nancy M. ~Amato},
	Institution = {Parasol Lab, Department of Computer Science, Texas A\&M University},
	Number = {TR03-003},
	Title = {{pArray} as an efficient static parallel container in {STAPL}},
	Month = {August},
	Year = {2003},
	}
